<?xml version="1.0" encoding="UTF-8"?><collection xmlns="http://www.loc.gov/MARC21/slim"><record><leader>00582nam--2200181-i-4500</leader><controlfield tag="001">000001853</controlfield><controlfield tag="002">20161230</controlfield><controlfield tag="005">20161230201024</controlfield><controlfield tag="008">060222s1000------------r-----000-0-eng-d</controlfield><datafield ind1=" " ind2=" " tag="040"><subfield code="a">IFIN-HH</subfield></datafield><datafield ind1=" " ind2=" " tag="080"><subfield code="a">538.975(061.3)</subfield></datafield><datafield ind1="1" ind2=" " tag="100"><subfield code="a">Francombe, Maurice H</subfield></datafield><datafield ind1="1" ind2="0" tag="245"><subfield code="a">Single-crystal films</subfield><subfield code="b">Proceedings of an international conference held at philco bell, pennsylvania, may 1963</subfield><subfield code="c">Maurice h. francombe, hiroshi sato (eds.)</subfield></datafield><datafield ind1=" " ind2=" " tag="260"><subfield code="a">Oxford</subfield><subfield code="b">Pergamon Press</subfield><subfield code="c">1964</subfield></datafield><datafield ind1=" " ind2=" " tag="300"><subfield code="a">IX + 420 P</subfield></datafield><datafield ind1="1" ind2=" " tag="700"><subfield code="a">Sato, Hiroshi</subfield><subfield code="e">Ed</subfield></datafield><datafield ind1=" " ind2=" " tag="852"><subfield code="a">21822</subfield><subfield code="c">539.2</subfield></datafield><datafield ind1=" " ind2=" " tag="CAT"><subfield code="a">Sys</subfield><subfield code="c">20121011</subfield><subfield code="h">170235</subfield></datafield></record></collection>